@misc{wilk,
    title={Convolutional Gaussian Processes},
    author={Mark van der Wilk and Carl Edward Rasmussen and James Hensman},
    year={2017},
    eprint={1709.01894},
    archivePrefix={arXiv},
    primaryClass={stat.ML}
}
@book{gmrf,
    title={Gaussian Markov Random Fields: Theory and Applications},
    author={Rue, Havard and Held, Leonhard},
    year={2005},
    series = {Monographs on Statistics and Applied Probability},
    publisher = {Chapman \& Hall/CRC}
}
@book{gpml,
  title = {Gaussian Processes for Machine Learning},
  author = {Rasmussen, CE. and Williams, CKI.},
  pages = {248},
  series = {Adaptive Computation and Machine Learning},
  publisher = {MIT Press},
  organization = {Max-Planck-Gesellschaft},
  school = {Biologische Kybernetik},
  address = {Cambridge, MA, USA},
  month = jan,
  year = {2006},
  month_numeric = {1}
}
@article{blei,
   title={Variational Inference: A Review for Statisticians},
   volume={112},
   ISSN={1537-274X},
   url={http://dx.doi.org/10.1080/01621459.2017.1285773},
   DOI={10.1080/01621459.2017.1285773},
   number={518},
   journal={Journal of the American Statistical Association},
   publisher={Informa UK Limited},
   author={Blei, David M. and Kucukelbir, Alp and McAuliffe, Jon D.},
   year={2017},
   month={Apr},
   pages={859–877}
}
@article{supereeg,
    author = {Owen, Lucy L W and Muntianu, Tudor A and Heusser, Andrew C and Daly, Patrick M and Scangos, Katherine W and Manning, Jeremy R},
    title = "{A Gaussian Process Model of Human Electrocorticographic Data}",
    journal = {Cerebral Cortex},
    year = {2020},
    month = {06},
    abstract = "{We present a model-based method for inferring full-brain neural activity at millimeter-scale spatial resolutions and millisecond-scale temporal resolutions using standard human intracranial recordings. Our approach makes the simplifying assumptions that different people’s brains exhibit similar correlational structure, and that activity and correlation patterns vary smoothly over space. One can then ask, for an arbitrary individual’s brain: given recordings from a limited set of locations in that individual’s brain, along with the observed spatial correlations learned from other people’s recordings, how much can be inferred about ongoing activity at other locations throughout that individual’s brain? We show that our approach generalizes across people and tasks, thereby providing a person- and task-general means of inferring high spatiotemporal resolution full-brain neural dynamics from standard low-density intracranial recordings.}",
    issn = {1047-3211},
    doi = {10.1093/cercor/bhaa115},
    url = {https://doi.org/10.1093/cercor/bhaa115},
    note = {bhaa115},
    eprint = {https://academic.oup.com/cercor/advance-article-pdf/doi/10.1093/cercor/bhaa115/33344231/bhaa115.pdf},
}
@misc{wilson,
    title={Deep Kernel Learning},
    author={Andrew Gordon Wilson and Zhiting Hu and Ruslan Salakhutdinov and Eric P. Xing},
    year={2015},
    eprint={1511.02222},
    archivePrefix={arXiv},
    primaryClass={cs.LG}
}
@misc{deepconv,
    title={Bayesian Image Classification with Deep Convolutional Gaussian Processes},
    author={Vincent Dutordoir and Mark van der Wilk and Artem Artemev and James Hensman},
    year={2019},
    eprint={1902.05888},
    archivePrefix={arXiv},
    primaryClass={stat.ML}
}
@misc{hensman,
    title={Gaussian Processes for Big Data},
    author={James Hensman and Nicolo Fusi and Neil D. Lawrence},
    year={2013},
    eprint={1309.6835},
    archivePrefix={arXiv},
    primaryClass={cs.LG}
}
@misc{alvarez2012kernels,
      title={Kernels for Vector-Valued Functions: a Review},
      author={Mauricio A. Alvarez and Lorenzo Rosasco and Neil D. Lawrence},
      year={2012},
      eprint={1106.6251},
      archivePrefix={arXiv},
      primaryClass={stat.ML}
}
@InProceedings{titsias,
    title = {Variational Learning of Inducing Variables in Sparse Gaussian Processes},
    author = {Michalis Titsias},
    pages = {567--574},
    year = {2009},
    editor = {David van Dyk and Max Welling},
    volume = {5},
    series = {Proceedings of Machine Learning Research},
    address = {Hilton Clearwater Beach Resort, Clearwater Beach, Florida USA},
    month = {16--18 Apr},
    publisher = {PMLR},
    pdf = {http://proceedings.mlr.press/v5/titsias09a/titsias09a.pdf},
    url = {http://proceedings.mlr.press/v5/titsias09a.html}
}
@misc{deepgmrf,
      title={Deep Gaussian Markov Random Fields},
      author={Per Sidén and Fredrik Lindsten},
      year={2020},
      eprint={2002.07467},
      archivePrefix={arXiv},
      primaryClass={stat.ML}
}
@article{dip,
   title={Deep Image Prior},
   volume={128},
   ISSN={1573-1405},
   url={http://dx.doi.org/10.1007/s11263-020-01303-4},
   DOI={10.1007/s11263-020-01303-4},
   number={7},
   journal={International Journal of Computer Vision},
   publisher={Springer Science and Business Media LLC},
   author={Ulyanov, Dmitry and Vedaldi, Andrea and Lempitsky, Victor},
   year={2020},
   month={Mar},
   pages={1867–1888}
}

